@misc{Farmer2003,
  title={The Gravitational Wave Background from CosmologicalCompact Binaries},
  author={Farmer and Finney},
 howpublished = "\url{https://arxiv.org/abs/astro-ph/0304393}",
}
@misc{Lamberts2019,
  title={Predicting the LISA white dwarf binary population in the Milky Way with cosmological simulations},
  author={Astrid Lamberts and Sarah Blunt and Tyson Littenberg and Shea Garrison-Kimmel and Thomas Kupfer and Robyn Sanderson},
 howpublished = "\url{https://arxiv.org/abs/1907.00014}",
}

@misc{Hobbs2010,
  title={Pulsars as gravitational wave detectors},
  author={George Hobbs},
 howpublished = "\url{https://arxiv.org/abs/1006.3969}",
}

@misc{Hobson2018,
    title={The construction and use of LISA sensitivity curves},
    author={Travis Hobson and Neil Cornish and Chang Liu},
    howpublished = "\url{https://arxiv.org/pdf/1803.01944.pdf}",

}

@misc{Kevin2019,
  title={Astrophysics and cosmology with a deci-hertz gravitational-wave detector: TianGO},
  author={Kevin A. Kuns and Hang Yu and Yanbei Chen and Rana X Adhikari},
 howpublished = "\url{https://arxiv.org/abs/1908.06004}",
}

@misc{LISA1998,
  title={Report},
  author={LISA Study Team},
 howpublished = "\url{https://snebulos.mit.edu/projects/lisa/PrePhaseA.pdf}",
}


@misc{Kepler2007,
    title={White Dwarf Mass Distribution in the SDSS},
    howpublished = "\url{https://arxiv.org/abs/astro-ph/0612277}",
}

@misc{Holberg2009,
    title={What fraction of white dwarfs are members of binary systems?},
    author={J. B. Holberg},
    howpublished = "\url{https://iopscience.iop.org/article/10.1088/1742-6596/172/1/012022/pdf}",
}

@misc{Schutz1997,
    title={INTRODUCTION TO THE ANALYSIS OF LOW-FREQUENCY GRAVITATIONAL WAVE DATA},
    author={B.F. Schutz},
    howpublished = "\url{https://arxiv.org/pdf/gr-qc/9710080.pdf}",
}

@article{Moore2015,
	doi = {10.1088/1742-6596/610/1/012018},
	url = {https://doi.org/10.1088%2F1742-6596%2F610%2F1%2F012018},
	year = 2015,
	month = {may},
	publisher = {{IOP} Publishing},
	volume = {610},
	pages = {012018},
	author = {C J Moore},
	title = {The sensitivity of pulsar timing arrays},
	journal = {Journal of Physics: Conference Series},
}